
@article{gori2020,
  title={A feedback information-theoretic transmission scheme (FITTS) for modeling trajectory variability in aimed movements},
  author={Gori, Julien and Rioul, Olivier},
  journal={Biological Cybernetics},
  volume={114},
  number={6},
  pages={621--641},
  year={2020},
  publisher={Springer}
}

@article{olafsdottir2012,
  title={A new test of throughput invariance in Fitts' Law: Role of the intercept and of Jensen's Inequality},
  author={Olafsdottir, Halla and Guiard, Yves and Rioul, Olivier and Perrault, Simon},
  year={2012}
}

@article{gori2018tochi,
  title={Speed-accuracy tradeoff: A formal information-theoretic transmission scheme (fitts)},
  author={Gori, Julien and Rioul, Olivier and Guiard, Yves},
  journal={ACM Transactions on Computer-Human Interaction (TOCHI)},
  volume={25},
  number={5},
  pages={1--33},
  year={2018},
  publisher={ACM New York, NY, USA}
}

@article{mackenzie1992,
  title={Fitts' law as a research and design tool in human-computer interaction},
  author={MacKenzie, I Scott},
  journal={Human-computer interaction},
  volume={7},
  number={1},
  pages={91--139},
  year={1992},
  publisher={Taylor \& Francis}
}

@article{fitts1954,
  title={The information capacity of the human motor system in controlling the amplitude of movement.},
  author={Fitts, Paul M},
  journal={Journal of experimental psychology},
  volume={47},
  number={6},
  pages={381},
  year={1954},
  publisher={American Psychological Association}
}

@article{soukoreff2004,
  title={Towards a standard for pointing device evaluation, perspectives on 27 years of Fitts’ law research in HCI},
  author={Soukoreff, R William and MacKenzie, I Scott},
  journal={International journal of human-computer studies},
  volume={61},
  number={6},
  pages={751--789},
  year={2004},
  publisher={Elsevier}
}

@inproceedings{cockburn2007,
  title={A predictive model of menu performance},
  author={Cockburn, Andy and Gutwin, Carl and Greenberg, Saul},
  booktitle={Proceedings of the SIGCHI conference on Human factors in computing systems},
  pages={627--636},
  year={2007}
}

@article{card1978,
  title={Evaluation of mouse, rate-controlled isometric joystick, step keys, and text keys for text selection on a CRT},
  author={Card, Stuart K and English, William K and Burr, Betty J},
  journal={Ergonomics},
  volume={21},
  number={8},
  pages={601--613},
  year={1978},
  publisher={Taylor \& Francis}
}

@article{todorov2002,
  title={Optimal feedback control as a theory of motor coordination},
  author={Todorov, Emanuel and Jordan, Michael I},
  journal={Nature neuroscience},
  volume={5},
  number={11},
  pages={1226--1235},
  year={2002},
  publisher={Nature Publishing Group US New York}
}

@article{saveriano2023,
  title={Dynamic movement primitives in robotics: A tutorial survey},
  author={Saveriano, Matteo and Abu-Dakka, Fares J and Kramberger, Alja{\v{z}} and Peternel, Luka},
  journal={The International Journal of Robotics Research},
  volume={42},
  number={13},
  pages={1133--1184},
  year={2023},
  publisher={SAGE Publications Sage UK: London, England}
}

@article{fischer2021,
  title={Reinforcement learning control of a biomechanical model of the upper extremity},
  author={Fischer, Florian and Bachinski, Miroslav and Klar, Markus and Fleig, Arthur and M{\"u}ller, J{\"o}rg},
  journal={Scientific Reports},
  volume={11},
  number={1},
  pages={14445},
  year={2021},
  publisher={Nature Publishing Group UK London}
}

@inproceedings{jude2016,
  title={Reporting and Visualizing Fitts's Law: Dataset, Tools and Methodologies},
  author={Jude, Alvin and Guinness, Darren and Poor, G Michael},
  booktitle={Proceedings of the 2016 CHI Conference Extended Abstracts on Human Factors in Computing Systems},
  pages={2519--2525},
  year={2016}
}

@article{chapuis2007,
  title={Fitts' law in the wild: A field study of aimed movements},
  author={Chapuis, Olivier and Blanch, Renaud and Beaudouin-Lafon, Michel},
  year={2007}
}

@inproceedings{jokinen2021,
  title={Touchscreen typing as optimal supervisory control},
  author={Jokinen, Jussi and Acharya, Aditya and Uzair, Mohammad and Jiang, Xinhui and Oulasvirta, Antti},
  booktitle={Proceedings of the 2021 CHI conference on human factors in computing systems},
  pages={1--14},
  year={2021}
}

@article{langerak2022,
  title={MARLUI: Multi-Agent Reinforcement Learning for Adaptive UIs},
  author={Langerak, Thomas and Christen, Sammy and Albaba, Mert and Gebhardt, Christoph and Hilliges, Otmar},
  journal={arXiv preprint arXiv:2209.12660},
  year={2022}
}


@article{nieuwenhuizen2016,
  title={Advanced modeling of selection and steering data: beyond Fitts' law},
  author={Nieuwenhuizen, Karin and Martens, Jean-Bernard},
  journal={International Journal of Human-Computer Studies},
  volume={94},
  pages={35--52},
  year={2016},
  publisher={Elsevier}
}

@inproceedings{gori2017two,
  title={One fitts’ law, two metrics},
  author={Gori, Julien and Rioul, Olivier and Guiard, Yves and Beaudouin-Lafon, Michel},
  booktitle={IFIP Conference on Human-Computer Interaction},
  pages={525--533},
  year={2017},
  organization={Springer}
}


@article{zhai2004nominal,
  title={Speed--accuracy tradeoff in Fitts’ law tasks—on the equivalency of actual and nominal pointing precision},
  author={Zhai, Shumin and Kong, Jing and Ren, Xiangshi},
  journal={International journal of human-computer studies},
  volume={61},
  number={6},
  pages={823--856},
  year={2004},
  publisher={Elsevier}
}


@inproceedings{mackenzie2008,
  title={Fitts' throughput and the speed-accuracy tradeoff},
  author={MacKenzie, I Scott and Isokoski, Poika},
  booktitle={Proceedings of the SIGCHI Conference on Human Factors in Computing Systems},
  pages={1633--1636},
  year={2008}
}


@phdthesis{gori2018these,
  title={Modeling the speed-accuracy tradeoff using the tools of information theory},
  author={Gori, Julien},
  year={2018},
  school={Universit{\'e} Paris-Saclay (ComUE)}
}

@article{fischer2022,
  title={Optimal feedback control for modeling human--computer interaction},
  author={Fischer, Florian and Fleig, Arthur and Klar, Markus and M{\"u}ller, J{\"o}rg},
  journal={ACM Transactions on Computer-Human Interaction},
  volume={29},
  number={6},
  pages={1--70},
  year={2022},
  publisher={ACM New York, NY}
}

@article{guigon2007,
  title={Computational motor control: redundancy and invariance},
  author={Guigon, Emmanuel and Baraduc, Pierre and Desmurget, Michel},
  journal={Journal of neurophysiology},
  volume={97},
  number={1},
  pages={331--347},
  year={2007},
  publisher={American Physiological Society}
}

@article{klar2023,
  title={Simulating Interaction Movements via Model Predictive Control},
  author={Klar, Markus and Fischer, Florian and Fleig, Arthur and Bachinski, Miroslav and M{\"u}ller, J{\"o}rg},
  journal={ACM Transactions on Computer-Human Interaction},
  volume={30},
  number={3},
  pages={1--50},
  year={2023},
  publisher={ACM New York, NY}
}


@book{anderson2007,
  title={Optimal control: linear quadratic methods},
  author={Anderson, Brian DO and Moore, John B},
  year={2007},
  publisher={Courier Corporation}
}

@article{park2013,
  title={Gaussian assumption: The least favorable but the most useful [lecture notes]},
  author={Park, Sangwoo and Serpedin, Erchin and Qaraqe, Khalid},
  journal={IEEE Signal Processing Magazine},
  volume={30},
  number={3},
  pages={183--186},
  year={2013},
  publisher={IEEE}
}

@inproceedings{wang2021,
  title={Variance and Distribution Models for Steering Tasks},
  author={Wang, Michael and Zhao, Hang and Zhou, Xiaolei and Ren, Xiangshi and Bi, Xiaojun},
  booktitle={The 34th Annual ACM Symposium on User Interface Software and Technology},
  pages={1122--1143},
  year={2021}
}

@misc{emgregs,
  author       = {Julien Gori},
  title        = {emgregs},
  year         = 2024,
  version      = {0.0.6},
  howpublished = {\url{https://pypi.org/project/emgregs/}},
  note         = {Python package}
}

@inproceedings{wobbrock2011,
  title={The effects of task dimensionality, endpoint deviation, throughput calculation, and experiment design on pointing measures and models},
  author={Wobbrock, Jacob O and Shinohara, Kristen and Jansen, Alex},
  booktitle={Proceedings of the SIGCHI Conference on Human Factors in Computing Systems},
  pages={1639--1648},
  year={2011}
}

@book{nelsen2006,
  title={An introduction to copulas},
  author={Nelsen, Roger B},
  year={2006},
  publisher={Springer}
}

@article{kendall1948,
  title={Rank correlation methods.},
  author={Kendall, Maurice George},
  year={1948},
  publisher={Griffin}
}


@article{yan2007,
  title={Enjoy the joy of copulas: with a package copula},
  author={Yan, Jun},
  journal={Journal of statistical software},
  volume={21},
  pages={1--21},
  year={2007}
}


@article{drewes2013,
  title={A lecture on Fitts’ law},
  author={Drewes, Heiko},
  journal={Retrieved January},
  volume={5},
  pages={2017},
  year={2013}
}


@article{wagenmakers2007,
  title={On the linear relation between the mean and the standard deviation of a response time distribution.},
  author={Wagenmakers, Eric-Jan and Brown, Scott},
  journal={Psychological review},
  volume={114},
  number={3},
  pages={830},
  year={2007},
  publisher={American Psychological Association}
}


@article{lee1988,
  title={Thirteen ways to look at the correlation coefficient},
  author={Lee Rodgers, Joseph and Nicewander, W Alan},
  journal={The American Statistician},
  volume={42},
  number={1},
  pages={59--66},
  year={1988},
  publisher={Taylor \& Francis}
}

@inproceedings{gori2018chi,
  title={The perils of confounding factors: How Fitts' law experiments can lead to false conclusions},
  author={Gori, Julien and Rioul, Olivier and Guiard, Yves and Beaudouin-Lafon, Michel},
  booktitle={Proceedings of the 2018 CHI Conference on Human Factors in Computing Systems},
  pages={1--10},
  year={2018}
}

@article{demarta2005,
  title={The t copula and related copulas},
  author={Demarta, Stefano and McNeil, Alexander J},
  journal={International statistical review},
  volume={73},
  number={1},
  pages={111--129},
  year={2005},
  publisher={Wiley Online Library}
}

@inproceedings{genest2017,
  title={When Gumbel met Galambos},
  author={Genest, Christian and Ne{\v{s}}lehov{\'a}, Johanna G},
  booktitle={Copulas and Dependence Models with Applications: Contributions in Honor of Roger B. Nelsen},
  pages={83--93},
  year={2017},
  organization={Springer}
}

@article{yamanaka2024,
  title={Relative Merits of Nominal and Effective Indexes of Difficulty of Fitts’ Law: Effects of Sample Size and the Number of Repetitions on Model Fit},
  author={Yamanaka, Shota},
  journal={International Journal of Human--Computer Interaction},
  pages={1--18},
  year={2024},
  publisher={Taylor \& Francis}
}

@article{jaynes1957,
  title={Information theory and statistical mechanics},
  author={Jaynes, Edwin T},
  journal={Physical review},
  volume={106},
  number={4},
  pages={620},
  year={1957},
  publisher={APS}
}

@article{murray2022,
  title={What simulation can do for HCI research},
  author={Murray-Smith, Roderick and Oulasvirta, Antti and Howes, Andrew and M{\"u}ller, J{\"o}rg and Ikkala, Aleksi and Bachinski, Miroslav and Fleig, Arthur and Fischer, Florian and Klar, Markus},
  journal={Interactions},
  volume={29},
  number={6},
  pages={48--53},
  year={2022},
  publisher={ACM New York, NY, USA}
}



=============List of changes

@article{shmueli2010,
  title={To explain or to predict?},
  author={Shmueli, Galit},
  year={2010}
}





=============================================================





@techreport{iso9241,
	Address = {Geneva, Switzerland},
	Author = {ISO 9241-9:2000},
	Date-Modified = {2017-04-09 13:31:50 +0000},
	Institution = {International Organization for Standardization},
	Key = {ISO 9241-9:2000.},
	Month = feb,
	Title = {{Ergonomic requirements for office work with visual display terminals (VDTs) -- Part 9: Requirements for non-keyboard input devices}},
	Type = {Standard},
	Volume = {2000},
	Year = {2000}}

  @article{zhai2004,
  title={Characterizing computer input with Fitts’ law parameters—the information and non-information aspects of pointing},
  author={Zhai, Shumin},
  journal={International Journal of Human-Computer Studies},
  volume={61},
  number={6},
  pages={791--809},
  year={2004},
  publisher={Elsevier}
}

@inproceedings{soukoreff2009,
  title={An informatic rationale for the speed-accuracy trade-off},
  author={Soukoreff, R William and MacKenzie, I Scott},
  booktitle={2009 IEEE International Conference on Systems, Man and Cybernetics},
  pages={2890--2896},
  year={2009},
  organization={IEEE}
}

@article{plamondon1997speed,
  title={Speed/accuracy trade-offs in target-directed movements},
  author={Plamondon, R{\'e}jean and Alimi, Adel M},
  journal={Behavioral and brain sciences},
  volume={20},
  number={2},
  pages={279--303},
  year={1997},
  publisher={Cambridge University Press}
}

@inproceedings{gori2017,
  title={To Miss is Human: Information-Theoretic Rationale for Target Misses in Fitts' Law},
  author={Gori, Julien and Rioul, Olivier and Guiard, Yves},
  booktitle={Proceedings of the 2017 CHI Conference on Human Factors in Computing Systems},
  pages={260--264},
  year={2017}
}




@article{fitts1964,
  title={Information capacity of discrete motor responses.},
  author={Fitts, Paul M and Peterson, James R},
  journal={Journal of experimental psychology},
  volume={67},
  number={2},
  pages={103},
  year={1964},
  publisher={American Psychological Association}
}


@inproceedings{gori2019,
  title={Regression to a linear lower bound with outliers: An exponentially modified Gaussian noise model},
  author={Gori, Julien and Rioul, Olivier},
  booktitle={2019 27th European Signal Processing Conference (EUSIPCO)},
  pages={1--5},
  year={2019},
  organization={IEEE}
}

@inproceedings{mackenzie2001,
  title={Accuracy measures for evaluating computer pointing devices},
  author={MacKenzie, I Scott and Kauppinen, Tatu and Silfverberg, Miika},
  booktitle={Proceedings of the SIGCHI conference on Human factors in computing systems},
  pages={9--16},
  year={2001}
}

@inproceedings{douglas1999,
  title={Testing pointing device performance and user assessment with the ISO 9241, Part 9 standard},
  author={Douglas, Sarah A and Kirkpatrick, Arthur E and MacKenzie, I Scott},
  booktitle={Proceedings of the SIGCHI conference on Human Factors in Computing Systems},
  pages={215--222},
  year={1999}
}
@article{akamatsu1995,
  title={A comparison of tactile, auditory, and visual feedback in a pointing task using a mouse-type device},
  author={Akamatsu, Motoyuki and MacKenzie, I Scott and Hasbroucq, Thierry},
  journal={Ergonomics},
  volume={38},
  number={4},
  pages={816--827},
  year={1995},
  publisher={Taylor \& Francis}
}

@inproceedings{teather2011,
  title={Pointing at 3D targets in a stereo head-tracked virtual environment},
  author={Teather, Robert J and Stuerzlinger, Wolfgang},
  booktitle={2011 IEEE Symposium on 3D User Interfaces (3DUI)},
  pages={87--94},
  year={2011},
  organization={IEEE}
}

@inproceedings{batmaz2019,
  title={Hitting the wall: Mid-air interaction for eye-hand coordination},
  author={Batmaz, Anil Ufuk and Sun, Xintian and Taskiran, Dogu and Stuerzlinger, Wolfgang},
  booktitle={25th ACM Symposium on Virtual Reality Software and Technology},
  pages={1--5},
  year={2019}
}

@inproceedings{batmaz2020,
  title={Touch the wall: Comparison of virtual and augmented reality with conventional 2D screen eye-hand coordination training systems},
  author={Batmaz, Anil Ufuk and Mutasim, Aunnoy K and Malekmakan, Morteza and Sadr, Elham and Stuerzlinger, Wolfgang},
  booktitle={2020 IEEE Conference on Virtual Reality and 3D User Interfaces (VR)},
  pages={184--193},
  year={2020},
  organization={IEEE}
}

@inproceedings{batmaz2020jitter,
  title={No jitter please: Effects of rotational and positional jitter on 3D mid-air interaction},
  author={Batmaz, Anil Ufuk and Seraji, Mohammad Rajabi and Kneifel, Johanna and Stuerzlinger, Wolfgang},
  booktitle={Proceedings of the Future Technologies Conference},
  pages={792--808},
  year={2020},
  organization={Springer}
}

@article{brickler2020,
  title={A Fitts’ Law Evaluation of Visuo-haptic Fidelity and Sensory Mismatch on User Performance in a Near-field Disc Transfer Task in Virtual Reality},
  author={Brickler, David and Teather, Robert J and Duchowski, Andrew T and Babu, Sabarish V},
  journal={ACM Transactions on Applied Perception (TAP)},
  volume={17},
  number={4},
  pages={1--20},
  year={2020},
  publisher={ACM New York, NY, USA}
}

@article{vanzon2020,
  title={Touchscreens for aircraft navigation tasks: comparing accuracy and throughput of three flight deck interfaces using Fitts’ law},
  author={van Zon, Nout CM and Borst, Clark and Pool, Daan M and van Paassen, Marinus M},
  journal={Human factors},
  volume={62},
  number={6},
  pages={897--908},
  year={2020},
  publisher={SAGE Publications Sage CA: Los Angeles, CA}
}

@article{vasudevan2020,
  title={Novel virtual reality based training system for fine motor skills: Towards developing a robotic surgery training system},
  author={Vasudevan, Madhan Kumar and Isaac, Joseph HR and Sadanand, Venkatraman and Muniyandi, Manivannan},
  journal={The International Journal of Medical Robotics and Computer Assisted Surgery},
  volume={16},
  number={6},
  pages={1--14},
  year={2020},
  publisher={Wiley Online Library}
}

@article{shannon1948,
  title={A mathematical theory of communication},
  author={Shannon, Claude Elwood},
  journal={The Bell system technical journal},
  volume={27},
  number={3},
  pages={379--423},
  year={1948},
  publisher={Nokia Bell Labs}
}



@article{plamondon1997,
  title={Speed/accuracy trade-offs in target-directed movements},
  author={Plamondon, R{\'e}jean and Alimi, Adel M},
  journal={Behavioral and brain sciences},
  volume={20},
  number={2},
  pages={279--303},
  year={1997},
  publisher={Cambridge University Press}
}

@article{guiard2011,
  title={On the measurement of movement difficulty in the standard approach to Fitts' law},
  author={Guiard, Yves and Olafsdottir, Halla B},
  journal={PLoS one},
  volume={6},
  number={10},
  pages={e24389},
  year={2011},
  publisher={Public Library of Science San Francisco, USA}
}
@inproceedings{guiard2011b,
  title={Fitt's law as an explicit time/error trade-off},
  author={Guiard, Yves and Olafsdottir, Halla B and Perrault, Simon T},
  booktitle={Proceedings of the SIGCHI Conference on Human Factors in Computing Systems},
  pages={1619--1628},
  year={2011}
}



@misc{guiard2017,
  title={Not Just Pointing: Shannon's Information Theory as a General Tool for Performance Evaluation of Input Techniques},
  author={Guiard, Yves and Gori, Julien and Roy, Quentin and Rioul, Olivier},
  note={Techical report available online at \url{https://hal.science/hal-02090158/document}},
  year={2017}
}

@inproceedings{liu2017,
  title={Information-theoretic analysis of human performance for command selection},
  author={Liu, Wanyu and Rioul, Olivier and Beaudouin-Lafon, Michel and Guiard, Yves},
  booktitle={Human-Computer Interaction--INTERACT 2017: 16th IFIP TC 13 International Conference, Mumbai, India, September 25--29, 2017, Proceedings, Part III 16},
  pages={515--524},
  year={2017},
  organization={Springer}
}

@article{li2022,
  title={A Novel Mixture Model for Characterizing Human Aiming Performance Data},
  author={Li, Yanxi and Young, Derek S and Gori, Julien and Rioul, Olivier},
  journal={arXiv preprint arXiv:2209.15615},
  year={2022}
}

@article{batmaz2022,
  title={Effective Throughput Analysis of Different Task Execution Strategies for Mid-Air Fitts' Tasks in Virtual Reality},
  author={Batmaz, Anil Ufuk and Stuerzlinger, Wolfgang},
  journal={IEEE Transactions on Visualization and Computer Graphics},
  volume={28},
  number={11},
  pages={3939--3947},
  year={2022},
  publisher={IEEE}
}

@inproceedings{guiard2015,
  title={A mathematical description of the speed/accuracy trade-off of aimed movement},
  author={Guiard, Yves and Rioul, Olivier},
  booktitle={Proceedings of the 2015 British HCI conference},
  pages={91--100},
  year={2015}
}

@inproceedings{gori2023,
  title={Positional Variance Profiles (PVPs): A New Take on the Speed-Accuracy Trade-off},
  author={Gori, Julien and Bellut, Quentin},
  booktitle={Proceedings of the 2023 CHI Conference on Human Factors in Computing Systems},
  pages={1--16},
  year={2023}
}

@inproceedings{grossman2005,
  title={The bubble cursor: enhancing target acquisition by dynamic resizing of the cursor's activation area},
  author={Grossman, Tovi and Balakrishnan, Ravin},
  booktitle={Proceedings of the SIGCHI conference on Human factors in computing systems},
  pages={281--290},
  year={2005}
}

@article{li2024,
  title={A novel mixture model for characterizing human aiming performance data},
  author={Li, Yanxi and Young, Derek S and Gori, Julien and Rioul, Olivier},
  journal={Statistical Modelling},
  pages={1471082X241234139},
  year={2024},
  publisher={SAGE Publications Sage India: New Delhi, India}
}

@inproceedings{zhao2022,
  title={Bayesian hierarchical pointing models},
  author={Zhao, Hang and Gu, Sophia and Yu, Chun and Bi, Xiaojun},
  booktitle={Proceedings of the 35th annual acm symposium on user interface software and technology},
  pages={1--13},
  year={2022}
}

@article{qian2013,
  title={Movement duration, Fitts's law, and an infinite-horizon optimal feedback control model for biological motor systems},
  author={Qian, Ning and Jiang, Yu and Jiang, Zhong-Ping and Mazzoni, Pietro},
  journal={Neural computation},
  volume={25},
  number={3},
  pages={697--724},
  year={2013},
  publisher={MIT Press}
}

@inproceedings{do2021,
  title={A simulation model of intermittently controlled point-and-click behaviour},
  author={Do, Seungwon and Chang, Minsuk and Lee, Byungjoo},
  booktitle={Proceedings of the 2021 CHI Conference on Human Factors in Computing Systems},
  pages={1--17},
  year={2021}
}

@inproceedings{accot2003,
  title={Refining Fitts' law models for bivariate pointing},
  author={Accot, Johnny and Zhai, Shumin},
  booktitle={Proceedings of the SIGCHI conference on Human factors in computing systems},
  pages={193--200},
  year={2003}
}

@article{grossman2005b,
  title={A probabilistic approach to modeling two-dimensional pointing},
  author={Grossman, Tovi and Balakrishnan, Ravin},
  journal={ACM Transactions on Computer-Human Interaction (TOCHI)},
  volume={12},
  number={3},
  pages={435--459},
  year={2005},
  publisher={ACM New York, NY, USA}
}

@article{murata2001,
  title={Extending Fitts' law to a three-dimensional pointing task},
  author={Murata, Atsuo and Iwase, Hirokazu},
  journal={Human movement science},
  volume={20},
  number={6},
  pages={791--805},
  year={2001},
  publisher={Elsevier}
}

@inproceedings{bi2013,
  title={Bayesian touch: a statistical criterion of target selection with finger touch},
  author={Bi, Xiaojun and Zhai, Shumin},
  booktitle={Proceedings of the 26th annual ACM symposium on User interface software and technology},
  pages={51--60},
  year={2013}
}

@article{yamanaka2020,
  title={Rethinking the dual gaussian distribution model for predicting touch accuracy in on-screen-start pointing tasks},
  author={Yamanaka, Shota and Usuba, Hiroki},
  journal={Proceedings of the ACM on Human-Computer Interaction},
  volume={4},
  number={ISS},
  pages={1--20},
  year={2020},
  publisher={ACM New York, NY, USA}
}
@inproceedings{zhang2023,
  title={Shape-Adaptive Ternary-Gaussian Model: Modeling Pointing Uncertainty for Moving Targets of Arbitrary Shapes},
  author={Zhang, Hao and Huang, Jin and Tu, Huawei and Tian, Feng},
  booktitle={Proceedings of the 2023 CHI Conference on Human Factors in Computing Systems},
  pages={1--18},
  year={2023}
}

@inproceedings{moon2024,
  title={Real-time 3D Target Inference via Biomechanical Simulation},
  author={Moon, Hee-Seung and Liao, Yi-Chi and Li, Chenyu and Lee, Byungjoo and Oulasvirta, Antti},
  booktitle={Proceedings of the CHI Conference on Human Factors in Computing Systems},
  pages={1--18},
  year={2024}
}

@article{schmidt1979,
  title={Motor-output variability: a theory for the accuracy of rapid motor acts.},
  author={Schmidt, Richard A and Zelaznik, Howard and Hawkins, Brian and Frank, James S and Quinn Jr, John T},
  journal={Psychological review},
  volume={86},
  number={5},
  pages={415},
  year={1979},
  publisher={American Psychological Association}
}

@inproceedings{yamanaka2023,
  title={Varying Subjective Speed-accuracy Biases to Evaluate the Generalizability of Experimental Conclusions on Pointing-facilitation Techniques},
  author={Yamanaka, Shota and Kinoshita, Taiki and Oba, Yosuke and Tomihari, Ryuto and Miyashita, Homei},
  booktitle={Proceedings of the 2023 CHI Conference on Human Factors in Computing Systems},
  pages={1--13},
  year={2023}
}


@article{anscombe1973,
  title={Graphs in statistical analysis},
  author={Anscombe, Francis J},
  journal={The american statistician},
  volume={27},
  number={1},
  pages={17--21},
  year={1973},
  publisher={Taylor \& Francis}
}

@article{kobyzev2020,
  title={Normalizing flows: An introduction and review of current methods},
  author={Kobyzev, Ivan and Prince, Simon JD and Brubaker, Marcus A},
  journal={IEEE transactions on pattern analysis and machine intelligence},
  volume={43},
  number={11},
  pages={3964--3979},
  year={2020},
  publisher={IEEE}
}

@article{anderson2004,
  title={Model selection and multi-model inference},
  author={Anderson, D and Burnham, K},
  journal={Second. NY: Springer-Verlag},
  volume={63},
  number={2020},
  pages={10},
  year={2004}
}

@inproceedings{guiard2009,
  title={The problem of consistency in the design of Fitts' law experiments: Consider either target distance and width or movement form and scale},
  author={Guiard, Yves},
  booktitle={Proceedings of the sigchi conference on human factors in computing systems},
  pages={1809--1818},
  year={2009}
}

@inproceedings{accot1997,
  title={Beyond Fitts' law: models for trajectory-based HCI tasks},
  author={Accot, Johnny and Zhai, Shumin},
  booktitle={Proceedings of the ACM SIGCHI Conference on Human factors in computing systems},
  pages={295--302},
  year={1997}
}

@book{gruber2017,
  title={Improving efficiency by shrinkage: The James--Stein and Ridge regression estimators},
  author={Gruber, Marvin},
  year={2017},
  publisher={Routledge}
}

@article{gan1988,
  title={Geometrical conditions for ballistic and visually controlled movements},
  author={Gan, Khai-Chung and Hoffmann, Errol R},
  journal={Ergonomics},
  volume={31},
  number={5},
  pages={829--839},
  year={1988},
  publisher={Taylor \& Francis}
}

@article{crossman1957,
  title={The speed and accuracy of simple hand movements},
  author={Crossman, ERFW},
  journal={The nature and acquisition of industrial skills},
  year={1957},
  publisher={Report to the MRC and DSIR Joint Committee on Individual Efficiency in Industry}
}

@inproceedings{casiez2011,
  title={No more bricolage! Methods and tools to characterize, replicate and compare pointing transfer functions},
  author={Casiez, G{\'e}ry and Roussel, Nicolas},
  booktitle={Proceedings of the 24th annual ACM symposium on User interface software and technology},
  pages={603--614},
  year={2011}
}

@article{wagenmakers2004,
  title={AIC model selection using Akaike weights},
  author={Wagenmakers, Eric-Jan and Farrell, Simon},
  journal={Psychonomic bulletin \& review},
  volume={11},
  pages={192--196},
  year={2004},
  publisher={Springer}
}

@inproceedings{gori2024,
  title={Model-based Evaluation of Recall-based Interaction Techniques},
  author={Gori, Julien and Fruchard, Bruno and Bailly, Gilles},
  booktitle={Proceedings of the CHI Conference on Human Factors in Computing Systems},
  pages={1--16},
  year={2024}
}

@article{diener2022,
  title={Beyond experiments},
  author={Diener, Ed and Northcott, Robert and Zyphur, Michael J and West, Stephen G},
  journal={Perspectives on Psychological Science},
  volume={17},
  number={4},
  pages={1101--1119},
  year={2022},
  publisher={Sage Publications Sage CA: Los Angeles, CA}
}

@article{harrison2018,
  title={A brief introduction to mixed effects modelling and multi-model inference in ecology},
  author={Harrison, Xavier A and Donaldson, Lynda and Correa-Cano, Maria Eugenia and Evans, Julian and Fisher, David N and Goodwin, Cecily ED and Robinson, Beth S and Hodgson, David J and Inger, Richard},
  journal={PeerJ},
  volume={6},
  pages={e4794},
  year={2018},
  publisher={PeerJ Inc.}
}

@article{murrar2018,
  title={Mixed model analysis of variance},
  author={Murrar, Sohad and Brauer, Markus},
  journal={The SAGE encyclopedia of educational research, measurement, and evaluation},
  volume={1},
  pages={1075--1078},
  year={2018},
  publisher={Sage Thousand Oaks, CA}
}

@article{bates2015,
  title={Parsimonious mixed models},
  author={Bates, Douglas and Kliegl, Reinhold and Vasishth, Shravan and Baayen, Harald},
  journal={arXiv preprint arXiv:1506.04967},
  year={2015}
}

@book{zuur2009,
  title={Mixed effects models and extensions in ecology with R},
  author={Zuur, Alain F and Ieno, Elena N and Saveliev, Anatoly A and Smith, Graham M and others},
  volume={574},
  publisher={Springer}
}

@article{mueller2017,
  title={Control theoretic models of pointing},
  author={M{\"u}ller, J{\"o}rg and Oulasvirta, Antti and Murray-Smith, Roderick},
  journal={ACM Transactions on Computer-Human Interaction (TOCHI)},
  volume={24},
  number={4},
  pages={1--36},
  year={2017},
  publisher={ACM New York, NY, USA}
}

@article{dewick2022,
  title={Copula modelling to analyse financial data},
  author={Dewick, Paul R and Liu, Shuangzhe},
  journal={Journal of Risk and Financial Management},
  volume={15},
  number={3},
  pages={104},
  year={2022},
  publisher={MDPI}
}

@phdthesis{todrov1998,
  title={Studies of goal directed movements},
  author={Todrov, Emanuel Vassilev},
  year={1998},
  school={Massachusetts Institute of Technology}
}

@article{shi2025,
  title={Simulating Errors in Touchscreen Typing},
  author={Shi, Danqing and Zhu, Yujun and Junior, Francisco Erivaldo Fernandes and Zhai, Shumin and Oulasvirta, Antti},
  journal={arXiv preprint arXiv:2502.03560},
  year={2025}
}

@article{dennis1996,
  title={The speed--error trade-off problem in psychometric testing},
  author={Dennis, Ian and Evans, Jonathan St BT},
  journal={British Journal of Psychology},
  volume={87},
  number={1},
  pages={105--129},
  year={1996},
  publisher={Wiley Online Library}
}


@article{domingue2022,
  title={Speed--accuracy trade-off? Not so fast: Marginal changes in speed have inconsistent relationships with accuracy in real-world settings},
  author={Domingue, Benjamin W and Kanopka, Klint and Stenhaug, Ben and Sulik, Michael J and Beverly, Tanesia and Brinkhuis, Matthieu and Circi, Ruhan and Faul, Jessica and Liao, Dandan and McCandliss, Bruce and others},
  journal={Journal of Educational and Behavioral Statistics},
  volume={47},
  number={5},
  pages={576--602},
  year={2022},
  publisher={Sage Publications Sage CA: Los Angeles, CA}
}

